@ONLINE{JK:Redmine,
author = {Doe, Ringo},
title = {Redmine is a flexible project management web application.},
year = {2014},
url = {http://www.redmine.org/}
}